<record><leader>00000cas a22000007a 4500</leader><controlfield tag="001">18818331</controlfield><controlfield tag="008">881130d193119uupaumr ne      0    0eng d</controlfield><datafield ind1=" " ind2=" " tag="010"><subfield code="a">sn 89077659 </subfield></datafield><datafield ind1=" " ind2=" " tag="040"><subfield code="a">NPH</subfield><subfield code="b">eng</subfield><subfield code="c">NPH</subfield><subfield code="d">OCLCQ</subfield></datafield><datafield ind1=" " ind2=" " tag="042"><subfield code="a">msc</subfield></datafield><datafield ind1="0" ind2="0" tag="245"><subfield code="a">North end bulletin.</subfield></datafield><datafield ind1=" " ind2=" " tag="260"><subfield code="a">Reading, Pa. :</subfield><subfield code="b">Anderson Press,</subfield><subfield code="c">1931-</subfield></datafield><datafield ind1=" " ind2=" " tag="300"><subfield code="a">v. :</subfield><subfield code="b">ill.</subfield></datafield><datafield ind1=" " ind2=" " tag="310"><subfield code="a">Monthly</subfield></datafield><datafield ind1="0" ind2=" " tag="362"><subfield code="a">Apr. 10, 1931-</subfield></datafield><datafield ind1=" " ind2=" " tag="500"><subfield code="a">Prospectus issued &lt;Mar. 13, 1931&gt;.</subfield></datafield><datafield ind1=" " ind2=" " tag="500"><subfield code="a">Distributed in "Laureldale, Temple, Hyde Park, South Temple, Hyde Villa, Frush Valley and Northmont."</subfield></datafield><datafield ind1=" " ind2=" " tag="752"><subfield code="a">United States</subfield><subfield code="b">Pennsylvania</subfield><subfield code="c">Berks</subfield><subfield code="d">Reading.</subfield></datafield></record>